<record><leader>00000cas a22000001a 4500</leader><controlfield tag="001">32681949</controlfield><controlfield tag="007">hd afb016baca</controlfield><controlfield tag="007">hd bfb016baaa</controlfield><controlfield tag="008">950621d191919uumaudn nea     0    0pol c</controlfield><datafield ind1=" " ind2=" " tag="010"><subfield code="a">sn 94088104 </subfield></datafield><datafield ind1=" " ind2=" " tag="040"><subfield code="a">NN</subfield><subfield code="b">eng</subfield><subfield code="c">RQM</subfield><subfield code="d">OCLCQ</subfield><subfield code="d">PHA</subfield><subfield code="d">OCLCQ</subfield><subfield code="d">OCLCF</subfield><subfield code="d">OCLCQ</subfield></datafield><datafield ind1=" " ind2=" " tag="012"><subfield code="i">9505</subfield></datafield><datafield ind1=" " ind2=" " tag="042"><subfield code="a">pcc</subfield></datafield><datafield ind1=" " ind2=" " tag="043"><subfield code="a">n-usn--</subfield></datafield><datafield ind1="0" ind2=" " tag="130"><subfield code="a">Kuryer codzienny (Boston, Mass. : 1919)</subfield></datafield><datafield ind1="1" ind2="0" tag="245"><subfield code="a">Kuryer codzienny =</subfield><subfield code="b">Polish daily news.</subfield></datafield><datafield ind1="3" ind2="1" tag="246"><subfield code="a">Polish daily news</subfield></datafield><datafield ind1="1" ind2="3" tag="246"><subfield code="a">Polish daily courier</subfield><subfield code="f">20 mar., 1919-</subfield></datafield><datafield ind1=" " ind2=" " tag="260"><subfield code="a">Boston, Mass. :</subfield><subfield code="b">Kuryer Boston&#769;ski Pub. Co.,</subfield><subfield code="c">1919-</subfield></datafield><datafield ind1=" " ind2=" " tag="300"><subfield code="a">volumes :</subfield><subfield code="b">illustrations ;</subfield><subfield code="c">61 cm</subfield></datafield><datafield ind1=" " ind2=" " tag="310"><subfield code="a">Daily (except Sun. and holidays)</subfield></datafield><datafield ind1=" " ind2=" " tag="336"><subfield code="a">text</subfield><subfield code="b">txt</subfield><subfield code="2">rdacontent</subfield></datafield><datafield ind1=" " ind2=" " tag="337"><subfield code="a">microform</subfield><subfield code="b">h</subfield><subfield code="2">rdamedia</subfield></datafield><datafield ind1=" " ind2=" " tag="338"><subfield code="a">microfilm reel</subfield><subfield code="b">hd</subfield><subfield code="2">rdacarrier</subfield></datafield><datafield ind1="0" ind2=" " tag="362"><subfield code="a">Rok. 5, no. 89 (18 mar., 1919)-</subfield></datafield><datafield ind1=" " ind2=" " tag="500"><subfield code="a">Independent.</subfield></datafield><datafield ind1=" " ind2=" " tag="500"><subfield code="a">"An American newspaper for the Polish people."</subfield></datafield><datafield ind1=" " ind2=" " tag="546"><subfield code="a">In Polish.</subfield></datafield><datafield ind1=" " ind2=" " tag="533"><subfield code="a">Microfilm.</subfield><subfield code="m">rok. 17:no. 3-21 (stycz. 3-21,1926):[Gaps]</subfield><subfield code="b">New York :</subfield><subfield code="c">New York Public Library,</subfield><subfield code="d">1984.</subfield><subfield code="e">1 microfilm reel ; 35 mm.</subfield></datafield><datafield ind1=" " ind2="0" tag="650"><subfield code="a">Polish people</subfield><subfield code="z">New England</subfield><subfield code="v">Newspapers.</subfield></datafield><datafield ind1=" " ind2="0" tag="650"><subfield code="a">Polish Americans</subfield><subfield code="z">New England</subfield><subfield code="v">Newspapers.</subfield></datafield><datafield ind1=" " ind2="4" tag="651"><subfield code="a">Boston (Mass.)</subfield><subfield code="v">Newspapers.</subfield></datafield><datafield ind1=" " ind2="7" tag="650"><subfield code="a">Polish Americans.</subfield><subfield code="2">fast</subfield><subfield code="0">(OCoLC)fst01068870</subfield></datafield><datafield ind1=" " ind2="7" tag="650"><subfield code="a">Polish people.</subfield><subfield code="2">fast</subfield><subfield code="0">(OCoLC)fst01715992</subfield></datafield><datafield ind1=" " ind2="7" tag="651"><subfield code="a">New England.</subfield><subfield code="2">fast</subfield><subfield code="0">(OCoLC)fst01241913</subfield></datafield><datafield ind1=" " ind2="7" tag="655"><subfield code="a">Newspapers.</subfield><subfield code="2">fast</subfield><subfield code="0">(OCoLC)fst01423814</subfield></datafield><datafield ind1=" " ind2=" " tag="752"><subfield code="a">United States</subfield><subfield code="b">Massachusetts</subfield><subfield code="c">Suffolk</subfield><subfield code="d">Boston.</subfield></datafield><datafield ind1="1" ind2=" " tag="776"><subfield code="c">Original</subfield><subfield code="w">(DLC)sn 83045302</subfield></datafield><datafield ind1="0" ind2="0" tag="780"><subfield code="t">Kuryer boston&#769;ski</subfield></datafield><datafield ind1="0" ind2="0" tag="785"><subfield code="t">Kuryer codzienny ilustrowany</subfield></datafield><datafield ind1=" " ind2=" " tag="850"><subfield code="a">NN</subfield><subfield code="a">NN (master)</subfield></datafield><datafield ind1="1" ind2=" " tag="029"><subfield code="a">AU@</subfield><subfield code="b">000011784784</subfield></datafield></record>